<record><leader>00000cas a2200000 a 4500</leader><controlfield tag="001">32885186</controlfield><controlfield tag="008">950727c19799999caudr ne      0    0eng c</controlfield><datafield ind1=" " ind2=" " tag="010"><subfield code="a">sn 95062642 </subfield></datafield><datafield ind1=" " ind2=" " tag="040"><subfield code="a">CNK</subfield><subfield code="b">eng</subfield><subfield code="c">CNK</subfield><subfield code="d">OCLCQ</subfield><subfield code="d">CNK</subfield><subfield code="d">CRU</subfield><subfield code="d">OCLCQ</subfield><subfield code="d">OCLCF</subfield><subfield code="d">OCLCO</subfield></datafield><datafield ind1="1" ind2=" " tag="029"><subfield code="a">AU@</subfield><subfield code="b">000011873226</subfield></datafield><datafield ind1=" " ind2=" " tag="042"><subfield code="a">pcc</subfield></datafield><datafield ind1=" " ind2=" " tag="043"><subfield code="a">n-us-ca</subfield></datafield><datafield ind1="1" ind2="4" tag="050"><subfield code="a">AN1.C36</subfield><subfield code="b">P4431</subfield></datafield><datafield ind1="0" ind2=" " tag="130"><subfield code="a">Valley times (Walnut Creek, Calif.)</subfield></datafield><datafield ind1="1" ind2="4" tag="245"><subfield code="a">The valley times.</subfield></datafield><datafield ind1="1" ind2=" " tag="246"><subfield code="i">Published on Saturdays as:</subfield><subfield code="a">Saturday times</subfield><subfield code="f">Nov. 26, 1983-Nov. 3, 1984</subfield></datafield><datafield ind1="1" ind2=" " tag="246"><subfield code="i">Published on Sundays as:</subfield><subfield code="a">Sunday times</subfield><subfield code="f">July 22, 1979-</subfield></datafield><datafield ind1=" " ind2=" " tag="260"><subfield code="a">Walnut Creek, Calif. :</subfield><subfield code="b">East Bay Newspapers</subfield></datafield><datafield ind1=" " ind2=" " tag="300"><subfield code="a">v.</subfield></datafield><datafield ind1=" " ind2=" " tag="310"><subfield code="a">Daily</subfield></datafield><datafield ind1="0" ind2=" " tag="362"><subfield code="a">Vol. 94, no. 141 (July 17, 1979)-</subfield></datafield><datafield ind1=" " ind2=" " tag="500"><subfield code="a">Published in various geographic editions.</subfield></datafield><datafield ind1=" " ind2=" " tag="500"><subfield code="a">Published on Wednesdays as: Danville-San Ramon ed., &lt;1983&gt;-July 31, 1985, and: Alamo-Danville-San Ramon ed., Aug. 7, 1985-&lt;1986&gt;</subfield></datafield><datafield ind1=" " ind2=" " tag="530"><subfield code="a">Master negatives are available for duplication from:</subfield><subfield code="b">California Newspaper Microfilm Archive;</subfield><subfield code="c">positive copies may be purchased by the reel; for further information consult the CNMA at:</subfield><subfield code="u">http://cbsr.ucr.edu</subfield></datafield><datafield ind1=" " ind2=" " tag="580"><subfield code="a">Valley pioneer included as an insert with Wednesday issues, &lt;1983-1986&gt;</subfield></datafield><datafield ind1=" " ind2="0" tag="651"><subfield code="a">San Ramon Valley (Calif.)</subfield><subfield code="v">Newspapers.</subfield></datafield><datafield ind1=" " ind2="7" tag="655"><subfield code="a">Newspapers.</subfield><subfield code="2">fast</subfield><subfield code="0">(OCoLC)fst01423814</subfield></datafield><datafield ind1=" " ind2="7" tag="651"><subfield code="a">California</subfield><subfield code="z">San Ramon Valley.</subfield><subfield code="2">fast</subfield><subfield code="0">(OCoLC)fst01242434</subfield></datafield><datafield ind1="0" ind2=" " tag="730"><subfield code="a">Valley pioneer.</subfield></datafield><datafield ind1=" " ind2=" " tag="752"><subfield code="a">United States</subfield><subfield code="b">California</subfield><subfield code="c">Contra Costa</subfield><subfield code="d">Walnut Creek.</subfield></datafield><datafield ind1="1" ind2=" " tag="777"><subfield code="t">Valley pioneer</subfield><subfield code="w">(DLC)sn 95062641</subfield></datafield><datafield ind1="0" ind2="0" tag="780"><subfield code="t">Times (Walnut Creek, Calif.)</subfield><subfield code="w">(DLC)sn 98061812</subfield></datafield></record>